@article{greenwade93,
    author  = "George D. Greenwade",
    title   = "The {C}omprehensive {T}ex {A}rchive {N}etwork ({CTAN})",
    year    = "1993",
    journal = "TUGBoat",
    volume  = "14",
    number  = "3",
    pages   = "342--351"
}


@inproceedings{woodruff2005geometric,
    title={A geometric approach to information-theoretic private information retrieval},
    author={Woodruff, David and Yekhanin, Sergey},
    booktitle={20th Annual IEEE Conference on Computational Complexity (CCC'05)},
    pages={275--284},
    year={2005},
    organization={IEEE}
}

@article{dvir20162,
    title={2-server PIR with subpolynomial communication},
    author={Dvir, Zeev and Gopi, Sivakanth},
    journal={Journal of the ACM (JACM)},
    volume={63},
    number={4},
    pages={1--15},
    year={2016},
    publisher={ACM New York, NY, USA}
}

@article{dvir2011matching,
    title={Matching vector codes},
    author={Dvir, Zeev and Gopalan, Parikshit and Yekhanin, Sergey},
    journal={SIAM Journal on Computing},
    volume={40},
    number={4},
    pages={1154--1178},
    year={2011},
    publisher={SIAM}
}

@article{chor1998private,
    title={Private information retrieval},
    author={Chor, Benny and Kushilevitz, Eyal and Goldreich, Oded and Sudan, Madhu},
    journal={Journal of the ACM (JACM)},
    volume={45},
    number={6},
    pages={965--981},
    year={1998},
    publisher={ACM New York, NY, USA}
}

@article{Gro,
    title={Superpolynomial size set-systems with restricted intersections mod 6 and explicit Ramsey graphs},
    author={Grolmusz, Vince},
    journal={Combinatorica},
    volume={20},
    number={1},
    pages={71--86},
    year={2000},
    publisher={Springer}
}

@article{Yek,
    title={Locally decodable codes},
    author={Yekhanin, Sergey and others},
    journal={Foundations and Trends{\textregistered} in Theoretical Computer Science},
    volume={6},
    number={3},
    pages={139--255},
    year={2012},
    publisher={Now Publishers, Inc.}
}