@article{greenwade93,
    author  = "George D. Greenwade",
    title   = "The {C}omprehensive {T}ex {A}rchive {N}etwork ({CTAN})",
    year    = "1993",
    journal = "TUGBoat",
    volume  = "14",
    number  = "3",
    pages   = "342--351"
}


@inproceedings{woodruff2005geometric,
    title={A geometric approach to information-theoretic private information retrieval},
    author={Woodruff, David and Yekhanin, Sergey},
    booktitle={20th Annual IEEE Conference on Computational Complexity (CCC'05)},
    pages={275--284},
    year={2005},
    organization={IEEE}
}

@article{dvir20162,
    title={2-server PIR with subpolynomial communication},
    author={Dvir, Zeev and Gopi, Sivakanth},
    journal={Journal of the ACM (JACM)},
    volume={63},
    number={4},
    pages={1--15},
    year={2016},
    publisher={ACM New York, NY, USA}
}

@article{dvir2011matching,
    title={Matching vector codes},
    author={Dvir, Zeev and Gopalan, Parikshit and Yekhanin, Sergey},
    journal={SIAM Journal on Computing},
    volume={40},
    number={4},
    pages={1154--1178},
    year={2011},
    publisher={SIAM}
}

@article{chor1998private,
    title={Private information retrieval},
    author={Chor, Benny and Kushilevitz, Eyal and Goldreich, Oded and Sudan, Madhu},
    journal={Journal of the ACM (JACM)},
    volume={45},
    number={6},
    pages={965--981},
    year={1998},
    publisher={ACM New York, NY, USA}
}

@article{Gro,
    title={Superpolynomial size set-systems with restricted intersections mod 6 and explicit Ramsey graphs},
    author={Grolmusz, Vince},
    journal={Combinatorica},
    volume={20},
    number={1},
    pages={71--86},
    year={2000},
    publisher={Springer}
}

@article{Yek,
    title={Locally decodable codes},
    author={Yekhanin, Sergey and others},
    journal={Foundations and Trends{\textregistered} in Theoretical Computer Science},
    volume={6},
    number={3},
    pages={139--255},
    year={2012},
    publisher={Now Publishers, Inc.}
}

%% This BibTeX bibliography file was created using BibDesk.
%% https://bibdesk.sourceforge.io/

%% Created for Justin Zhang at 2024-01-22 16:12:04 -0500 


%% Saved with string encoding Unicode (UTF-8) 



@inproceedings{WdW05,
    abstract = {We prove new lower bounds for locally decodable codes and private information retrieval. We show that a 2-query LDC encoding n-bit strings over an â„“-bit alphabet, where the decoder only uses b bits of each queried position, needs code length {\$}m=exp{\backslash}left({\backslash}Omega{\backslash}left({\backslash}frac{\{}n{\}}{\{}2^{\{}b{\}}{\{}{\backslash}sum{\_}{\{}i=0{\}}^{\{}b{\}}{\}}(^{\{}l{\}}{\_}{\{}i{\}}){\}}{\backslash}right){\backslash}right){\$}},
address = {Berlin, Heidelberg},
author = {Wehner, Stephanie and de Wolf, Ronald},
booktitle = {Automata, Languages and Programming},
date-added = {2024-01-22 16:07:50 -0500},
date-modified = {2024-01-22 16:08:26 -0500},
editor = {Caires, Lu{\'\i}s and Italiano, Giuseppe F. and Monteiro, Lu{\'\i}s and Palamidessi, Catuscia and Yung, Moti},
isbn = {978-3-540-31691-6},
pages = {1424--1436},
publisher = {Springer Berlin Heidelberg},
title = {Improved Lower Bounds for Locally Decodable Codes and Private Information Retrieval},
year = {2005}}


@inproceedings{spiral,
    author     = {Samir Jordan Menon and David J. Wu},
    title      = {\textsc{Spiral}: Fast, High-Rate Single-Server {PIR} via {FHE} Composition},
    booktitle  = {{IEEE} {S\&P}},
    year       = {2022}
}

@misc{simplepir,
    author = {Alexandra Henzinger and Matthew M. Hong and Henry Corrigan-Gibbs and Sarah Meiklejohn and Vinod Vaikuntanathan},
    title = {One Server for the Price of Two: Simple and Fast Single-Server Private Information Retrieval},
    howpublished = {Cryptology ePrint Archive, Paper 2022/949},
    year = {2022},
    note = {\url{https://eprint.iacr.org/2022/949}},
    url = {https://eprint.iacr.org/2022/949}
}


